<?xml version="1.0" encoding="UTF-8"?><collection xmlns="http://www.loc.gov/MARC21/slim"><record><leader>00331nam--2200121-i-4500</leader><controlfield tag="001">000038295</controlfield><controlfield tag="002">20161230</controlfield><controlfield tag="005">20161230201041</controlfield><controlfield tag="008">060222s1000------------r-----000-0-eng-d</controlfield><datafield ind1=" " ind2=" " tag="100"><subfield code="a">Reis, Th</subfield></datafield><datafield ind1=" " ind2=" " tag="245"><subfield code="a">L`energie nucleaire dans le monde. programmes et developpements prevus</subfield></datafield><datafield ind1=" " ind2=" " tag="260"><subfield code="a">Paris, Dunod, 1957, Viii + 296p</subfield></datafield><datafield ind1=" " ind2=" " tag="852"><subfield code="a">12808</subfield></datafield></record></collection>